@book{Kernighan:1988:CPL:576122,
 author = {Kernighan, Brian W.},
 editor = {Ritchie, Dennis M.},
 title = {The  C Programming Language},
 year = {1988},
 isbn = {0131103709},
 edition = {2nd},
 publisher = {Prentice Hall Professional Technical Reference},
} 

@book{Knuth:1998:ACP:521463,
 author = {Knuth, Donald E.},
 title = {The  Art of Computer Programming Volumes 1-3 Boxed Set},
 year = {1998},
 isbn = {0201485419},
 edition = {2nd},
 publisher = {Addison-Wesley Longman Publishing Co., Inc.},
 address = {Boston, MA, USA},
} 

@book{Warren:2002:HD:515297,
 author = {Warren, Henry S.},
 title = {Hacker's Delight},
 year = {2002},
 isbn = {0201914654},
 publisher = {Addison-Wesley Longman Publishing Co., Inc.},
 address = {Boston, MA, USA},
} 

@book{ARM:1994,
 author = {Advanced RISC Machines Ltd},
 title = {The ARM Cookbook},
 year = {1994},
 note = "\AlsoAvailableAs \url{http://go.yurichev.com/17273}",
} 

@book{C99TC3,
 author = {ISO},
 title = {ISO/IEC 9899:TC3 (C C99 standard)},
 year = {2007},
 note = "\AlsoAvailableAs \url{http://go.yurichev.com/17274}",
} 

@book{CPP11,
 author = {ISO},
 title = {ISO/IEC 14882:2011 (C++ 11 standard)},
 year = {2013},
 note = "\AlsoAvailableAs \url{http://go.yurichev.com/17275}",
} 

@book{IOSABI,
 author = {Apple},
 title = {iOS ABI Function Call Guide},
 year = {2010},
 note = "\AlsoAvailableAs \url{http://go.yurichev.com/17276}",
}
 
@book{Raymond:2003:AUP:829549,
 author = {Raymond, Eric S.},
 title = {The Art of UNIX Programming},
 year = {2003},
 isbn = {0131429019},
 publisher = {Pearson Education},
 note = "\AlsoAvailableAs \url{http://go.yurichev.com/17277}",
}

@book{AgnerFog,
 author = {Agner Fog},
 title = {The microarchitecture of Intel, AMD and VIA CPUs / An optimization guide for assembly programmers and compiler makers},
 year = {2013},
 note = "\url{http://go.yurichev.com/17278}",
} 

@book{AgnerFogCPP,
 author = {Agner Fog},
 title = {Optimizing software in C++: An optimization guide for Windows, Linux and Mac platforms},
 year = {2013},
 note = "\url{http://go.yurichev.com/17279}",
} 

@book{AgnerFogCC,
 author = {Agner Fog},
 title = {Calling conventions},
 year = {2014},
 note = "\url{http://go.yurichev.com/17280}",
} 

@book{PPC,
 author = {IBM},
 title = {PowerPC(tm) Microprocessor Family: The Programming Environments for 32-Bit Microprocessors},
 year = {2000},
 note = "\AlsoAvailableAs \url{http://go.yurichev.com/17281}",
} 
 
@book{PPCABI,
 author = {Steve Zucker, SunSoft and Kari Karhi, IBM},
 title = {SYSTEM V APPLICATION BINARY INTERFACE: PowerPC Processor Supplement},
 year = {1995},
 note = "\AlsoAvailableAs \url{http://go.yurichev.com/17282}",
} 

@book{Russinovich,
 author = {Mark E. Russinovich and David A. Solomon with Alex Ionescu},
 title = {Windows® Internals: Including Windows Server 2008 and Windows Vista, Fifth Edition},
 year = {2009},
} 

@book{Schneier,
 author = {Bruce Schneier},
 title = {Applied Cryptography: Protocols, Algorithms, and Source Code in C},
 year = {1994},
} 

@book{Intel,
 author = {Intel},
 title = {Intel® 64 and IA-32 Architectures Software Developer’s Manual Combined Volumes:1, 2A, 2B, 2C, 3A, 3B, and 3C},
 year = {2013},
 note = "\AlsoAvailableAs \url{http://go.yurichev.com/17283}",
} 

@book{AMD,
 author = {AMD},
 title = {AMD64 Architecture Programmer’s Manual},
 year = {2013},
 note = "\AlsoAvailableAs \url{http://go.yurichev.com/17284}",
} 

@book{AMDOptimization,
 author = {AMD},
 title = {Software Optimization Guide for AMD Family 16h Processors},
 year = {2013},
 note = "\AlsoAvailableAs \url{http://go.yurichev.com/17285}",
} 

@book{Cormen:2009:IAT:1614191,
 author = {Cormen, Thomas H. and Leiserson, Charles E. and Rivest, Ronald L. and Stein, Clifford},
 title = {Introduction to Algorithms, Third Edition},
 year = {2009},
 isbn = {0262033844, 9780262033848},
 edition = {3rd},
 publisher = {The MIT Press},
}

@book{10PRINT,
 author = {Nick Montfort et al},
 title = {10 PRINT CHR\$(205.5+RND(1)); : GOTO 10},
 year = {2012},
 publisher = {The MIT Press},
 note = "\AlsoAvailableAs \url{http://go.yurichev.com/17286}",
} 

@book{ARMref,
 author = {ARM},
 title = {ARM® Architecture Reference Manual, ARMv7-A and ARMv7-R edition},
 year = {2012},
}

@book{ARM64ref,
 author = {ARM},
 title = {ARM Architecture Reference Manual, ARMv8, for ARMv8-A architecture profile},
 year = {2013},
}

@book{ARM64_PCS,
 author = {ARM},
 title = {Procedure Call Standard for the ARM 64-bit Architecture (AArch64)},
 year = {2013},
 note = "\AlsoAvailableAs \url{http://go.yurichev.com/17287}",
}

@book{ARM64_ELF,
 author = {ARM},
 title = {ELF for the ARM 64-bit Architecture (AArch64)},
 year = {2013},
 note = "\AlsoAvailableAs \url{http://go.yurichev.com/17288}",
}

@book{TCPPPL,
 author = {Bjarne Stroustrup},
 title = {The C++ Programming Language, 4th Edition},
 year = {2013},
}

@book{MIPSRun,
 author = {Dominic Sweetman},
 title = {See MIPS Run, Second Edition},
 year = {2010},
}

@book{Eickhoff,
 author = {Jens Eickhoff},
 title = {Onboard Computers, Onboard Software and Satellite Operations: An Introduction},
 year = {2011},
}

@book{SICP,
 author = {Harold Abelson and Gerald Jay Sussman and Julie Sussman},
 title = {Structure and Interpretation of Computer Programs},
 year = {1996},
}

@book{Numerical,
 author = {William H. Press and Saul A. Teukolsky and William T. Vetterling and Brian P. Flannery},
 title = {Numerical Recipes},
 year = {2007},
}

@book{IntelOptimization,
 author = {Intel},
 title = {Intel® 64 and IA-32 Architectures Optimization Reference Manual},
 year = {September 2014},
 note = "\AlsoAvailableAs \url{http://go.yurichev.com/17342}",
}

@book{JavaSE7,
 author = {Java},
 title = {The Java® Virtual Machine Specification Java SE 7 Edition},
 year = {February 2013},
 note = "\AlsoAvailableAs \url{http://go.yurichev.com/17345} \AndENRU \url{http://go.yurichev.com/17346}",
}

@book{StephenMorse,
 author = {Stephen P. Morse},
 title = {The 8086 Primer},
 year = {1980},
 note = "\AlsoAvailableAs \url{http://go.yurichev.com/17351}",
}
