@book{CBook,
 author = {Dennis Yurichev},
 year = {2013},
 note = "\AlsoAvailableAs \url{http://go.yurichev.com/17290}",
 title = {Заметки о языке программирования Си/Си++},
} 
