@book{CBook,
 author = {Dennis Yurichev},
 year = {2013},
 note = "\AlsoAvailableAs \url{http://go.yurichev.com/17289}",
 title = {C/C++ programming language notes},
} 
