@misc{Ritchie:1986,
  author = {Ritchie, Dennis M.},
  title = {{Where did ++ come from? (net.lang.c)}},
  howpublished = "\url{http://go.yurichev.com/17296}",
  year = {1986}, 
  note = "[Online; accessed 2013]"
}

